@misc{ccb_2012,
author = {Reka Albert and Leslie Loew and Suzanne Scarlata and Gregory Smith},
title = {{Computational Cell Biology Home Page}},
institution = {Cold Spring Harbor Laboratory, NY, USA},
year = {2012},

howpublished = {Available on the World Wide Web at \url{http://meetings.cshl.edu/courses/c-comp12.shtml}},
}

@misc{LeNov3013,
  author = {Le Nov\`{e}re, Nicolas and Saez-Rodriguez, Julio and Patil, Kiran and Schlitt, Thomas and Porras, Pablo and De Las Rivas, Javier and MacNamara, Aidan and Bauer-Mehren, Anna and Sahle, Sven and Stelling, Joerg},
  title = {{Joint EMBL-EBI-Wellcome Trust Course: In silico Systems Biology}},
  institution = {Wellcome Trust In Silico Systems Biology, Hinxton, Cambridge, UK},
  year = {2013},

  howpublished = {Available on the World Wide Web at \url{http://www.wellcome.ac.uk/Education-resources/Courses-and-conferences/Advanced-Courses-and-Scientific-Conferences/Advanced-Courses/WTVM053676.htm}},
}

@misc{Goryanin2012,
  author = {Goryanin, Igor},
  title = {Computational Systems Biology Course},
  institution = {University of Edinburgh, Edinburgh, UK},
  year = {2012},

  howpublished = {Available on the World Wide Web at \url{http://www.inf.ed.ac.uk/teaching/courses/csb/}},
}

@misc{Pahle2012,
  author = {Pahle, J\"{u}rgen},
  title = {Modeling and Simulation},
  institution = {Universit\"{a}t des Saarlandes, Germany},
  year = {2012},

  howpublished = {Available on the World Wide Web at \url{http://mosi.cs.uni-saarland.de/?page_id=644}},
}

@misc{vanRiel2012,
  author = {van Riel, N. A. W. and Hilbers, P. A. J. and ten Eikelder, H. M. M},
  title = {Systems Biology},
  institution = {Technische Universiteit Eindhoven, Eindhoven, Netherlands},
  year = {2012},

  howpublished = {Available on the World Wide Web at \url{http://bmi.bmt.tue.nl/~nvriel/Education/8c060.htm}},
}

@misc{Buechel2012,
  author = {B\"{u}chel, Finja and Wrzodek, Clemens and Dr\"{a}ger, Andreas and Keller, Roland},
  title = {Seminar: Systembiologie},
  institution = {Universit\"{a} T\"{u}bingen, T\"{u}bingen, Germany},
  year = {2011},

  howpublished = {Available on the World Wide Web at \url{http://www.cogsys.cs.uni-tuebingen.de/lehre/ws11/sem_systembio.html}},
}

@misc{Henneges2010,
  author = {Henneges, Carsten and B\"{u}chel, Finja},
  title = {Seminar: Systembiologie},
  institution = {Universit\"{a} T\"{u}bingen, T\"{u}bingen, Germany},
  year = {2010},

  howpublished = {Available on the World Wide Web at \url{http://www.cogsys.cs.uni-tuebingen.de/lehre/ws10/sem_systembio.html}},
}

@misc{Schroeder2009,
  author = {Schr\"{o}der, Adrian and Dr\"{a}ger, Andreas},
  title = {Seminar: Regulatorische und metabolische Netze in der Systembiologie},
  institution = {Universit\"{a} T\"{u}bingen, T\"{u}bingen, Germany},
  year = {2009},

  howpublished = {Available on the World Wide Web at \url{http://www.cogsys.cs.uni-tuebingen.de/lehre/ss09/sem_systembio.html}},
}

@misc{Henneges2008,
  author = {Henneges, Carsten and Schr\"{o}der, Adrian and Dr\"{a}ger, Andreas},
  title = {Proseminar: Einf\"{u}hrung in die Systembiologie},
  institution = {Universit\"{a} T\"{u}bingen, T\"{u}bingen, Germany},
  year = {2008},

  howpublished = {Available on the World Wide Web at \url{http://www.cogsys.cs.uni-tuebingen.de/lehre/ws08/pro_systembio.html}},
}

@misc{Zell2008,
  author = {Zell, Andreas and Schr\"{o}der, Adrian and Dr\"{a}ger, Andreas and Supper, Jochen},
  title = {Seminar: Regulatorische und metabolische Netze},
  institution = {Universit\"{a} T\"{u}bingen, T\"{u}bingen, Germany},
  year = {2008},

  howpublished = {Available on the World Wide Web at \url{http://www.cogsys.cs.uni-tuebingen.de/lehre/ss08/sem_systembio.html}},
}

@misc{Draeger2007,
  author = {Dr\"{a}ger, Andreas and Supper, Jochen},
  title = {Seminar: Inference of Regulatory and Metabolic Networks in Systems Biology},
  institution = {Universit\"{a} T\"{u}bingen, T\"{u}bingen, Germany},
  year = {2007},

  howpublished = {Available on the World Wide Web at \url{http://www.cogsys.cs.uni-tuebingen.de/lehre/ss07/sem_inferenz.html}},
}

@misc{Wolkenhauer2012a,
  author = {Wolkenhauer, Olaf and Millat, Thomas and  Vera Gonz\'{a}lez, Julio and Ullah, Mukhtar},
  title = {Modelling and Simulation with Application to the Life Sciences},
  institution = {University of Rostock, Rostock, Germany},
  year = {2012},

  howpublished = {Available on the World Wide Web at \url{http://www.sbi.uni-rostock.de/students/courses/}},
}

@misc{Wolkenhauer2012b,
  author = {Wolkenhauer, Olaf and Millat, Thomas and  Vera Gonz\'{a}lez, Julio and Ullah, Mukhtar},
  title = {{BioSystems} Modelling and Simulation},
  institution = {University of Rostock, Rostock, Germany},
  year = {2012},

  howpublished = {Available on the World Wide Web at \url{http://www.sbi.uni-rostock.de/students/courses/}},
}

@misc{Moraru2012,
  author = {Moraru, Ion},
  title = {{SysBio} graduate course ({University} of {Connecticut})},
  institution = {University of Conneticut, CT, USA},
  year = {2012},
}

@misc{Owen2012a,
  author = {Owen, Markus},
  title = {Dynamical Modelling for Biology and Medicine},
  institution = {Centre for Plant Integrative Biology, University of Nottingham, UK},
  year = {2012},

  howpublished = {Available on the World Wide Web at \url{http://www.maths.nottingham.ac.uk/minisites/mathsforlife/gstdmb2012/}},
}

@misc{Thul2012,
  author = {Thul, Ruediger},
  title = {Mathematical Medicine and Biology {MSc}},
  institution = {University of Nottingham, UK},
  year = {2012},

  howpublished = {Available on the World Wide Web at \url{http://www.nottingham.ac.uk/pgstudy/courses/mathematical-sciences/mathematical-medicine-and-biology-msc.aspx}},
}

@misc{Owen2012b,
  author = {Owen, Markus},
  title = {{CPIB Summer School} 2012: Introduction to Biological Modelling},
  institution = {University of Nottingham, UK},
  year = {2012},

  howpublished = {Available on the World Wide Web at \url{http://www.maths.nottingham.ac.uk/minisites/mathsforlife/cpib2012/}},
}

@misc{Monk2012,
  author = {Monk, Nick and Owen, Markus},
  title = {{CPIB Summer School}: Mathematical Modelling for Biologists},
  institution = {University of Nottingham, UK},
  year = {2012},
    howpublished = {Available on the World Wide Web at \url{http://www.cpib.ac.uk/events/cpib-summer-school/}},
}

@misc{Mendes2012,
  author = {Mendes, Pedro},
  title = {{Computational Systems Biology}},
  institution = {University of Manchester, Manchester, UK},
  year = {2012},
    howpublished = {Available on the World Wide Web at \url{http://www.cs.manchester.ac.uk/ape/subjectportals/digitalbiology/structure/themes/compsysbio/}},
}

@InProceedings{SBMLEBI2014,
 author = {Le Nov\`{e}re, Nicolas},
 title = {Standards and databases for sharing models in systems biology},
 booktitle = {The Systems Biology Modelling Cycle},
 year = {2014},
 address = {Cambridge, UK},
 organization = {EMBL-European Bioinformatics Institute},
}

@InProceedings{SBMLCAMU2014,
 author = {Le Nov\`{e}re, Nicolas},
 title = {Biochemical pathways},
 booktitle = {Systems Biology Part III},
 year = {2013},
 address = {Cambridge, UK},
 organization = {University of Cambridge},
}

@InProceedings{SBMLEBI2013,
 author = {Le Nov\`{e}re, Nicolas},
 title = {Models For All: Standards for describing the whole life-cycle of modeling in the life sciences},
 booktitle = {In Silico Systems Biology},
 year = {2013},
 address = {Cambridge, UK},
 organization = {Wellcome Trust, EMBL-European Bioinformatics Institute},
}

@InProceedings{SBMLEBI2012,
 author = {Le Nov\`{e}re, Nicolas},
 title = {Models For All: Standards for describing the whole life-cycle of modeling in the life sciences},
 booktitle = {In Silico Systems Biology},
 year = {2012},
 address = {Cambridge, UK},
 organization = {Wellcome Trust, EMBL-European Bioinformatics Institute},
}

@InProceedings{SBMLIGC2012,
 author = {Le Nov\`{e}re, Nicolas},
 title = {Models For All: Standards for describing the whole life-cycle of modeling in the life sciences},
 booktitle = {PhD student course},
 year = {2012},
 address = {Lisbon, PT},
 organization = {Instituto Gulbenkian de CiÃªncia},
}

@InProceedings{SBMLSIB2011,
 author = {Le Nov\`{e}re, Nicolas},
 title = {Models For All: Standards for describing the whole life-cycle of modeling in the life sciences},
 booktitle = {SystemsX.ch/SIB Summer School},
 year = {2011},
 address = {Kandersteg, CH},
 organization = {Swiss Institute of Bioinformatics},
}

@InProceedings{SBMLCRG2011,
 author = {Le Nov\`{e}re, Nicolas},
 title = {Models For All: Standards for describing the whole life-cycle of modeling in the life sciences},
 booktitle = {Summer school},
 year = {2011},
 address = {Barcelona, SP},
 organization = {Centre de Regulaci\'{o} de Gen\`{o}mica}},
}

@InProceedings{SBMLiGEM2009,
 author = {Le Nov\`{e}re, Nicolas},
 title = {Modelling chemical kinetics},
 booktitle = {iGEM competition Cambridge team},
 year = {2009},
 address = {Cambridge UK},
 organization = {University of Cambridge},
}

@InProceedings{SBMLEBI2009,
 author = {Le Nov\`{e}re, Nicolas},
 title = {Systems Biology},
 booktitle = {Interactions and Pathways},
 year = {2009},
 address = {Cambridge UK},
 organization = {EMBL-European Bioinformatics Institute},
}

@InProceedings{SBMLiGEM2007,
 author = {Le Nov\`{e}re, Nicolas},
 title = {Computational models in systems biology},
 booktitle = {iGEM competition Cambridge team},
 year = {2007},
 address = {Cambridge UK},
 organization = {University of Cambridge},
}

@InProceedings{SBMLOIST2006,
 author = {Le Nov\`{e}re, Nicolas},
 title = {Bioinformatics resources and standards for modeling neuronal signalling},
 booktitle = { Okinawa Computational Neuroscience Course},
 year = {2006},
 address = {Okinawa, JP},
 organization = {Okinawa Institute for Sciences and Technology},
}

@InProceedings{SBMLSymbionic2005,
 author = {Le Nov\`{e}re, Nicolas},
 title = {Curation, exchange annotation of kinetic models: The BioModels.net initiative},
 booktitle = {Symbionic course on Methods, data handling and standards in neuronal systems biology},
 year = {2005},
 address = {Trieste, IT},
 organization = {International School for Advanced Studies},
}

